%% LaTeX2e file `jobname.bib'
%% generated by the `filecontents' environment
%% from source `midway' on 2016/03/28.
%%
@incollection{zhao2011comparing,
 title={Comparing twitter and traditional media using topic models},
 author={Zhao, Wayne Xin and Jiang, Jing and Weng, Jianshu and He, Jing and Lim, Ee-Peng and Yan, Hongfei and Li, Xiaoming},
 booktitle={Advances in Information Retrieval},
 pages={338--349},
 year={2011},
 publisher={Springer}
}
@inproceedings{hong2010empirical,
 title={Empirical study of topic modeling in twitter},
 author={Hong, Liangjie and Davison, Brian D},
 booktitle={Proceedings of the first workshop on social media analytics},
 pages={80--88},
 year={2010},
 organization={ACM}
}
@inproceedings{cheng2010content,
 title={You Are Where You Tweet: A Content-Based Approach to Geo-locating Twitter Users},
 author={Z. Cheng, J. Caverlee, and K. Lee},
 booktitle={Proceeding of the 19th ACM Conference on Information and Knowledge Management (CIKM)},
 month={October},
 year={2010}
}
