%% LaTeX2e file `jobname.bib'
%% generated by the `filecontents' environment
%% from source `midway' on 2016/04/23.
%%
@incollection{zhao2011comparing,
 title={Comparing twitter and traditional media using topic models},
 author={Zhao, Wayne Xin and Jiang, Jing and Weng, Jianshu and He, Jing and Lim, Ee-Peng and Yan, Hongfei and Li, Xiaoming},
 booktitle={Advances in Information Retrieval},
 pages={338--349},
 year={2011},
 publisher={Springer}
}
@inproceedings{hong2010empirical,
 title={Empirical study of topic modeling in twitter},
 author={Hong, Liangjie and Davison, Brian D},
 booktitle={Proceedings of the first workshop on social media analytics},
 pages={80--88},
 year={2010},
 organization={ACM}
}
@inproceedings{cheng2010content,
 title={You Are Where You Tweet: A Content-Based Approach to Geo-locating Twitter Users},
 author={Z. Cheng, J. Caverlee, and K. Lee},
 booktitle={Proceeding of the 19th ACM Conference on Information and Knowledge Management (CIKM)},
 month={October},
 year={2010}
}
@article{blei2003latent,
 title={Latent dirichlet allocation},
 author={Blei, David M and Ng, Andrew Y and Jordan, Michael I},
 journal={the Journal of machine Learning research},
 volume={3},
 pages={993--1022},
 year={2003},
 publisher={JMLR. org}
}
@inproceedings{hoffman2010online,
 title={Online learning for latent dirichlet allocation},
 author={Hoffman, Matthew and Bach, Francis R and Blei, David M},
 booktitle={advances in neural information processing systems},
 pages={856--864},
 year={2010}
}
@incollection{kywe2012recommending,
 title={On recommending hashtags in twitter networks},
 author={Kywe, Su Mon and Hoang, Tuan-Anh and Lim, Ee-Peng and Zhu, Feida},
 booktitle={Social Informatics},
 pages={337--350},
 year={2012},
 publisher={Springer}
}
@article{mazzia2009suggesting,
 title={Suggesting hashtags on twitter},
 author={Mazzia, Allie and Juett, James},
 journal={EECS 545m, Machine Learning, Computer Science and Engineering, University of Michigan},
 year={2009}
}
@inproceedings{zangerle2011recommending,
 title={Recommending\#-tags in twitter},
 author={Zangerle, Eva and Gassler, Wolfgang and Specht, Gunther},
 booktitle={Proceedings of the Workshop on Semantic Adaptive Social Web (SASWeb 2011). CEUR Workshop Proceedings},
 volume={730},
 pages={67--78},
 year={2011}
}
@inproceedings{li2011twitter,
 title={Twitter hash tag prediction algorithm},
 author={Li, Tianxi and Wu, Yu and Zhang, Yu},
 booktitle={ICOMPâ€™11-The 2011 International Conference on Internet Computing},
 year={2011}
}
@inproceedings{godin2013using,
 title={Using topic models for twitter hashtag recommendation},
 author={Godin, Fr{\'e}deric and Slavkovikj, Viktor and De Neve, Wesley and Schrauwen, Benjamin and Van de Walle, Rik},
 booktitle={Proceedings of the 22nd international conference on World Wide Web companion},
 pages={593--596},
 year={2013},
 organization={International World Wide Web Conferences Steering Committee}
}
@article{griffiths2002gibbs,
 title={Gibbs sampling in the generative model of latent dirichlet allocation},
 author={Griffiths, Tom},
 year={2002},
 publisher={Citeseer}
}
